@inproceedings{schneider-18,
	address = {Melbourne, Australia},
	title = {Comprehensive supersense disambiguation of {E}nglish prepositions and possessives},
	url = {http://aclweb.org/anthology/P18-1018},
	booktitle = {Proc. of {ACL}},
	author = {Schneider, Nathan and Hwang, Jena D. and Srikumar, Vivek and Prange, Jakob and Blodgett, Austin and Moeller, Sarah R. and Stern, Aviram and Bitan, Adi and Abend, Omri},
	month = jul,
	year = {2018},
	pages = {185--196}
},

@inproceedings{prange-19,
	address = {Florence, Italy},
	title = {Semantically constrained multilayer annotation: the case of coreference},
	url = {https://www.aclweb.org/anthology/W19-3319},
	booktitle = {Proc. of the First International Workshop on Designing Meaning Representations},
	author = {Prange, Jakob and Schneider, Nathan and Abend, Omri},
	month = aug,
	year = {2019},
	pages = {164--176}
}

@inproceedings{blodgett-18,
	address = {Miyazaki, Japan},
	title = {Semantic supersenses for {E}nglish possessives},
	url = {http://www.lrec-conf.org/proceedings/lrec2018/pdf/963.pdf},
	booktitle = {Proc. of {LREC}},
	author = {Blodgett, Austin and Schneider, Nathan},
	editor = {Calzolari, Nicoletta and Choukri, Khalid and Cieri, Christopher and Declerck, Thierry and Goggi, Sara and Hasida, Koiti and Isahara, Hitoshi and Maegaard, Bente and Mariani, Joseph and Mazo, H\'{e}l\`{e}ne and Moreno, Asuncion and Odijk, Jan and Piperidis, Stelios and Tokunaga, Takenobu},
	month = may,
	year = {2018},
	pages = {1529--1534}
}

@inproceedings{zhu-19,
	address = {New York, {NY}, {USA}},
	title = {Adpositional supersenses for {M}andarin {C}hinese},
	volume = {2},
	url = {https://scholarworks.umass.edu/scil/vol2/iss1/40},
	booktitle = {Proc. of {SCiL}},
	author = {Zhu, Yilun and Liu, Yang and Peng, Siyao and Blodgett, Austin and Zhao, Yushi and Schneider, Nathan},
	month = jan,
	year = {2019},
	pages = {334--337}
}

@article{snacs,
	title = {Adposition and {C}ase {S}upersenses v2.3: {G}uidelines for {E}nglish},
	url = {https://arxiv.org/abs/1704.02134v4},
	journal = {{arXiv}:1704.02134v4 [cs]},
	author = {Schneider, Nathan and Hwang, Jena D. and Bhatia, Archna and Srikumar, Vivek and Han, {Na-Rae} and {O'Gorman}, Tim and Moeller, Sarah R. and Abend, Omri and Shalev, Adi and Blodgett, Austin and Prange, Jakob},
	month = aug,
	year = {2019}
}

@inproceedings{manning-19,
	address = {Minneapolis, Minnesota},
	title = {A partially rule-based approach to {AMR} generation},
	url = {https://www.aclweb.org/anthology/N19-3009},
	booktitle = {Proc. of the 2019 Conference of the North American Chapter of the Association for Computational Linguistics: Student Research Workshop},
	author = {Manning, Emma},
	month = jun,
	year = {2019},
	pages = {61--70}
}

@misc{typesetting-math,
	title = {A short guide to typesetting math in {NLP} papers},
	url = {http://demo.clab.cs.cmu.edu/cdyer/short-guide-typesetting.pdf},
	author = {Dyer, Chris and Gimpel, Kevin and Smith, Noah A.}
}

@misc{downes-17,
	title = {Short Math Guide for {\LaTeX{}}},
	url = {http://tug.ctan.org/info/short-math-guide/short-math-guide.pdf},
	author = {Downes, Michael and Beeton, Barbara},
	month = dec,
	year = {2017}
}

@misc{writing-well,
	title = {Writing well [in {NLP} \& {ML}]},
	url = {demo.clab.cs.cmu.edu/cdyer/writing.pptx},
	author = {Dyer, Chris}
}
